<record><leader>00000cas a2200000 a 4500</leader><controlfield tag="001">18375102</controlfield><controlfield tag="008">880819d19751976cauwr ne      0   a0eng c</controlfield><datafield ind1=" " ind2=" " tag="010"><subfield code="a">sn2003060315</subfield></datafield><datafield ind1=" " ind2=" " tag="040"><subfield code="a">CUS</subfield><subfield code="b">eng</subfield><subfield code="c">CUS</subfield><subfield code="d">OCL</subfield><subfield code="d">NYS</subfield><subfield code="d">CUS</subfield><subfield code="d">OCLCQ</subfield><subfield code="d">OCLCF</subfield><subfield code="d">CUS</subfield></datafield><datafield ind1=" " ind2=" " tag="042"><subfield code="a">pcc</subfield></datafield><datafield ind1=" " ind2=" " tag="043"><subfield code="a">n-us-ca</subfield></datafield><datafield ind1=" " ind2="4" tag="050"><subfield code="a">LD781.S2</subfield><subfield code="b">A314</subfield></datafield><datafield ind1="0" ind2="0" tag="245"><subfield code="a">Natty dread.</subfield></datafield><datafield ind1=" " ind2=" " tag="260"><subfield code="a">[La Jolla, Calif. :</subfield><subfield code="b">Natty Dread Collective],</subfield><subfield code="c">1975-1976.</subfield></datafield><datafield ind1=" " ind2=" " tag="300"><subfield code="a">v. :</subfield><subfield code="b">ill. ;</subfield><subfield code="c">44 cm.</subfield></datafield><datafield ind1=" " ind2=" " tag="310"><subfield code="a">Weekly</subfield></datafield><datafield ind1="0" ind2=" " tag="362"><subfield code="a">Vol. 1, no. 2 (Nov. 3, 1975)-v. 1, no. 6 (Jan. 19, 1976).</subfield></datafield><datafield ind1=" " ind2=" " tag="530"><subfield code="a">Also issued on microfilm from UMI (Underground Newspaper/Press Collection) and online.</subfield></datafield><datafield ind1=" " ind2=" " tag="580"><subfield code="a">Merger of: North Star (Del Mar, Calif.), and: Sometimes.</subfield></datafield><datafield ind1="2" ind2="0" tag="610"><subfield code="a">University of California, San Diego</subfield><subfield code="x">Students</subfield><subfield code="v">Newspapers.</subfield></datafield><datafield ind1="2" ind2="0" tag="610"><subfield code="a">University of California, San Diego</subfield><subfield code="v">Periodicals.</subfield></datafield><datafield ind1=" " ind2="0" tag="650"><subfield code="a">Student movements</subfield><subfield code="z">California</subfield><subfield code="z">San Diego</subfield><subfield code="v">Newspapers.</subfield></datafield><datafield ind1=" " ind2="0" tag="650"><subfield code="a">Socialism</subfield><subfield code="v">Newspapers.</subfield></datafield><datafield ind1=" " ind2="0" tag="650"><subfield code="a">Student newspapers and periodicals</subfield><subfield code="z">California</subfield><subfield code="z">San Diego.</subfield></datafield><datafield ind1=" " ind2="0" tag="650"><subfield code="a">Underground press publications</subfield><subfield code="z">California</subfield><subfield code="z">San Diego.</subfield></datafield><datafield ind1=" " ind2="0" tag="651"><subfield code="a">San Diego (Calif.)</subfield><subfield code="v">Newspapers.</subfield></datafield><datafield ind1=" " ind2="0" tag="651"><subfield code="a">San Diego County (Calif.)</subfield><subfield code="v">Newspapers.</subfield></datafield><datafield ind1="2" ind2="7" tag="610"><subfield code="a">University of California, San Diego.</subfield><subfield code="2">fast</subfield><subfield code="0">(OCoLC)fst00531977</subfield></datafield><datafield ind1=" " ind2="7" tag="650"><subfield code="a">Socialism.</subfield><subfield code="2">fast</subfield><subfield code="0">(OCoLC)fst01123637</subfield></datafield><datafield ind1=" " ind2="7" tag="650"><subfield code="a">Student movements.</subfield><subfield code="2">fast</subfield><subfield code="0">(OCoLC)fst01135954</subfield></datafield><datafield ind1=" " ind2="7" tag="650"><subfield code="a">Student newspapers and periodicals.</subfield><subfield code="2">fast</subfield><subfield code="0">(OCoLC)fst01135965</subfield></datafield><datafield ind1=" " ind2="7" tag="650"><subfield code="a">Students.</subfield><subfield code="2">fast</subfield><subfield code="0">(OCoLC)fst01136041</subfield></datafield><datafield ind1=" " ind2="7" tag="650"><subfield code="a">Underground press publications.</subfield><subfield code="2">fast</subfield><subfield code="0">(OCoLC)fst01160984</subfield></datafield><datafield ind1=" " ind2="7" tag="651"><subfield code="a">California</subfield><subfield code="z">San Diego.</subfield><subfield code="2">fast</subfield><subfield code="0">(OCoLC)fst01205232</subfield></datafield><datafield ind1=" " ind2="7" tag="651"><subfield code="a">California</subfield><subfield code="z">San Diego County.</subfield><subfield code="2">fast</subfield><subfield code="0">(OCoLC)fst01204290</subfield></datafield><datafield ind1=" " ind2="7" tag="655"><subfield code="a">Newspapers.</subfield><subfield code="2">fast</subfield><subfield code="0">(OCoLC)fst01423814</subfield></datafield><datafield ind1=" " ind2="7" tag="655"><subfield code="a">Periodicals.</subfield><subfield code="2">fast</subfield><subfield code="0">(OCoLC)fst01411641</subfield></datafield><datafield ind1="2" ind2=" " tag="710"><subfield code="a">Natty Dread Collective.</subfield></datafield><datafield ind1="2" ind2=" " tag="710"><subfield code="a">University of California, San Diego.</subfield></datafield><datafield ind1=" " ind2=" " tag="752"><subfield code="a">United States</subfield><subfield code="b">California</subfield><subfield code="c">San Diego</subfield><subfield code="d">San Diego.</subfield></datafield><datafield ind1="1" ind2="4" tag="780"><subfield code="t">North star (Del Mar, Calif.)</subfield><subfield code="w">(DLC)sn 94053409</subfield><subfield code="w">(OCoLC)17425534</subfield></datafield><datafield ind1="1" ind2="4" tag="780"><subfield code="t">Sometimes</subfield><subfield code="w">(OCoLC)18375125</subfield></datafield><datafield ind1="0" ind2="0" tag="785"><subfield code="t">New indicator</subfield><subfield code="w">(DLC)sn2003060316</subfield><subfield code="w">(OCoLC)13743519</subfield></datafield><datafield ind1="4" ind2="1" tag="856"><subfield code="u">http://library.ucsd.edu/dc/search?utf8=%E2%9C%93&amp;op=AND&amp;Keyword+%29=&amp;Title=%22Natty+dread%22&amp;f_inclusive%5Bcollection_sim%5D%5BUCSD+Student+Newspapers%5D=1&amp;sort=score+desc%2C+system_create_dtsi+desc%2C+title_ssi+asc&amp;search_field=advanced</subfield></datafield><datafield ind1="1" ind2=" " tag="029"><subfield code="a">AU@</subfield><subfield code="b">000024485122</subfield></datafield></record>